@Book{gasquetWitomski,
  title = {Fourier Analysis and Applications},
  author = {Gasquet, Claude and Witomski, Patrick},
  publisher = {Springer},
  address = {New York, NY},
  year = {1999},
  edition = {1$^{a}$},
  note = {ISBN 978-1-4612-7211-3},
}


@Book{rudin,
  title = {Real and Complex Analysis},
  author = {Walter Rudin},
  publisher = {McGraw Hill Book Co},
  address = {Singapore},
  year = {1987},
}

@Book{briigham,
  title = {The FFT and its Applications},
  author = {E. Oran Briigham},
  publisher = {Prentice-Hall},
  address = {Englewood Cliffs},
  year = {1988},
}

@Book{smith,
  title = {The Scientist and Engineer's Guide to Digital Signal Processing},
  author = {Steven W. Smith},
  publisher = {California Technical Pub},
  year = {1997},
}

@webpage{video,
  title = {But what is the Fourier series? From heat flow to circle drawings},
  author = {3Blue1Brown},
  year={2019},
  url = {https://www.youtube.com/watch?v=r6sGWTCMz2k},
}

